@MANUAL{bibtest,
    title = "test",
    organization = "test",
    url = "http://test",
    note = "[Accessed: 2011-07-07]",
    key = "svg"
}

@MANUAL{RnR,
    title = "Replay Debugging: Leveraging Record and Replay for Program Debugging",
    organization = "University of Illinois at Urbana-Champaign",
    url = "http://iacoma.cs.uiuc.edu/iacoma-papers/isca14_1.pdf",
    note = "[Accessed: 2017-07-10]"
}

@MANUAL{vmware,
    title = "VMware Workstation 6.5: Reverse and Replay Debugging is Here!",
    organization = "VMware",
    url = "http://www.replaydebugging.com/2008/08/vmware-workstation-65-reverse-and.html",
    note = "[Accessed: 2017-07-10]"
}

@MANUAL{vmware_end,
    title = "Goodbye, Replay Debuggingâ€¦",
    organization = "VMware",
    url = "http://www.replaydebugging.com/2011/09/goodbye-replay-debugging.html",
    note = "[Accessed: 2017-07-10]"
}

@MANUAL{rr,
    title = "rr",
    organization = "Mozilla",
    url = "http://rr-project.org/",
    note = "[Accessed: 2017-07-10]"
}

@MANUAL{rr_wiki,
    title = "rr wiki",
    organization = "Mozilla",
    url = "https://github.com/mozilla/rr/wiki/Building-And-Installing",
    note = "[Accessed: 2017-07-24]"
}

@MANUAL{rr_vid,
    title = "Record and replay debugging with 'rr'",
    author = {O'CALLAHAN, Robert},
    url = "https://www.youtube.com/watch?v=ytNlefY8PIE",
    note = "[Accessed: 2017-07-11]"
}

@MANUAL{rr_slides,
    title = "How rr works",
    organization = "Mozilla",
    url = "http://rr-project.org/rr.html",
    note = "[Accessed: 2017-07-24]"
}

@MANUAL{fitzgerald,
    title = "Back to the Futu-rr-e: Deterministic Debugging with rr",
    author = {FITZGERALD, Nick},
    url = "http://fitzgeraldnick.com/2015/11/02/back-to-the-futurre.html",
    note = "[Accessed: 2017-07-11]"
}

@MANUAL{qira,
    title = "QIRA",
    url = "http://qira.me/",
    note = "[Accessed: 2017-07-11]"
}

@MANUAL{about_r,
    title = "What is R?",
    organization = "The R Foundation",
    url = "https://www.r-project.org/about.html",
    note = "[Accessed: 2017-07-31]"
}

@MANUAL{r_intro,
    title = "An Introduction to R",
    organization = "The R Foundation",
    url = "https://cran.r-project.org/doc/manuals/r-release/R-intro.html",
    note = "[Accessed: 2017-07-31]"
}

@MANUAL{r_lang_def,
    title = "R Language Definition",
    organization = "The R Foundation",
    url = "https://cran.r-project.org/doc/manuals/r-release/R-lang.html",
    note = "[Accessed: 2017-08-09]"
}

@MANUAL{r_internals,
    title = "R Internals",
    organization = "The R Foundation",
    url = "https://cran.r-project.org/doc/manuals/r-release/R-ints.html",
    note = "[Accessed: 2017-08-14]"
}

@MANUAL{r_extensions,
    title = "Writing R Extensions",
    organization = "The R Foundation",
    url = "https://cran.r-project.org/doc/manuals/r-release/R-exts.html",
    note = "[Accessed: 2018-01-31]"
}

@MANUAL{adv_r,
    title = "Advanced R -- website companion",
    author = {WICKHAM, Hadley},
    url = "http://adv-r.had.co.nz/",
    note = "[Accessed: 2017-08-09]"
}

@MANUAL{rstudio,
    title = "RStudio",
    organization = "RStudio",
    url = "https://www.rstudio.com/products/rstudio/",
    note = "[Accessed: 2017-07-31]"
}

@MANUAL{r_compiler,
    title = "A Byte Code Compiler for R",
    author = {TIERNEY, Luke},
    url = "http://homepage.divms.uiowa.edu/~luke/R/compiler/compiler.pdf",
    note = "[Accessed: 2018-01-31]"
}

@MANUAL{r_compiler_included,
    title = "Add-on packages in R",
    organization = "The R Foundation",
    url = {https://cran.r-project.org/doc/FAQ/R-FAQ.html\#Add_002don-packages-in-R},
    note = "[Accessed: 2018-01-31]"
}

@MANUAL{r_compiler_enabled,
    title = "R 3.4.0 is released",
    author = {DALGAARD, Peter},
    url = {https://stat.ethz.ch/pipermail/r-announce/2017/000612.html},
    note = "[Accessed: 2018-03-06]"
}

@MANUAL{environments,
    title = "How R Searches and Finds Stuff",
    author = {GUPTA, Suraj},
    url = "http://blog.obeautifulcode.com/R/How-R-Searches-And-Finds-Stuff/",
    note = "[Accessed: 2018-02-04]"
}

@MANUAL{r_benchmark,
    title = "R Benchmark",
    author = {URBANEK, Simon},
    url = "http://r.research.att.com/benchmarks/",
    note = "[Accessed: 2018-02-06]"
}

@MANUAL{shootout,
    title = "The Computer Language Benchmarks Game",
    author = {GOUY, Isaac},
    url = "https://benchmarksgame.alioth.debian.org/",
    note = "[Accessed: 2018-02-12]"
}

@MANUAL{r_shootout,
    title = "Shootout benchmark",
    author = {HAICHUAN, Wang and ARUN, Chauhan},
    url = "https://github.com/rbenchmark/benchmarks/tree/master/shootout",
    note = "[Accessed: 2018-02-12]"
}

@ARTICLE{fieller,
	title = "The Biological Standardization of Insulin",
	author = {FIELLER, E. C.},
	year = "1940"
}
