latex_src/bibliography.bib